@inproceedings{icdar13,
  title = {ICDAR 2013 competition on book structure extraction},
  author = {Doucet, Antoine and Kazai, Gabriella and Colutto, Sebastian and M{\"u}hlberger, G{\"u}nter},
  booktitle = {12th International Conference on Document Analysis and Recognition},
  pages = {1438--1443},
  year = {2013},
  organization={IEEE}
}

@inproceedings{icdar17comp,
  title = {ICDAR2017 competition on page object detection},
  author = {Gao, Liangcai and Yi, Xiaohan and Jiang, Zhuoren and Hao, Leipeng and Tang, Zhi},
  booktitle = {2017 14th IAPR International Conference on Document Analysis and Recognition (ICDAR)},
  volume = {1},
  pages = {1417--1422},
  year = {2017},
  organization={IEEE}
}

@inproceedings{icdar17,
  title = {Icdar2017 competition on recognition of documents with complex layouts-rdcl2017},
  author = {Clausner, Christian and Antonacopoulos, Apostolos and Pletschacher, Stefan},
  booktitle = {2017 14th IAPR International Conference on Document Analysis and Recognition (ICDAR)},
  volume = {1},
  pages = {1404--1410},
  year = {2017},
  organization={IEEE}
}

@inproceedings{fintoc19comp,
  title = {The fintoc-2019 shared task: Financial document structure extraction},
  author = {Juge, R{\'e}mi and Bentabet, Imane and Ferradans, Sira},
  booktitle = {Proceedings of the Second Financial Narrative Processing Workshop (FNP 2019)},
  pages = {51--57},
  year = {2019},
}

@inproceedings{fintoc19daniel,
  title = {Daniel@ FinTOC-2019 Shared Task: TOC Extraction and Title Detection},
  author = {Giguet, Emmanuel and Lejeune, Ga{\"e}l},
  booktitle = {Proceedings of the Second Financial Narrative Processing Workshop (FNP 2019)},
  pages = {63--68},
  year = {2019},
}

@inproceedings{fintoc19tian,
  title = {Finance document Extraction Using Data Augmentation and Attention},
  author = {Tian, Ke and Peng, Zijun},
  booktitle = {Proceedings of the Second Financial Narrative Processing Workshop (FNP 2019), September 30, Turku Finland},
  number={165},
  pages = {1--4},
  year = {2019},
  organization={Link{\"o}ping University Electronic Press}
}

@inproceedings{deep,
  title = {Deep Understanding of a Document's Structure},
  author = {Rahman, Muhammad Mahbubur and Finin, Tim},
  booktitle = {Proceedings of the Fourth IEEE/ACM International Conference on Big Data Computing, Applications and Technologies},
  pages = {63--73},
  year = {2017},
}

@misc{labeler,
  author = {Андрей Игоревич Перминов},
  organization={ИСП РАН},
  title = {Paragraph Labeler Application},
  url = {https://github.com/dronperminov/ParagraphLabelerApp},
  urldate = {2020-06-10},
  langid = {russian},
  addendum={/ \fullcite{labeler_en}},
}

@misc{labeler_en,
  author = {Andrey Igorevich Perminov},
  organization={ISP RAS},
  title = {Paragraph Labeler Application},
  url = {https://github.com/dronperminov/ParagraphLabelerApp},
  urldate = {2020-06-10},
  langid = {english},
  options = {skipbib=true},
}

@inproceedings{tesseract,
  title = {An overview of the Tesseract OCR engine},
  author = {Smith, Ray},
  booktitle = {Ninth International Conference on Document Analysis and Recognition (ICDAR 2007)},
  volume = {2},
  pages = {629--633},
  year = {2007},
  organization={IEEE}
}

@misc{tuning,
  author = {Aarshay Jain},
  title = {Complete Guide to Parameter Tuning in XGBoost with codes in Python},
  url = {https://www.analyticsvidhya.com/blog/2016/03/complete-guide-parameter-tuning-xgboost-with-codes-python},
  urldate = {2020-05-27},
}

@misc{data,
  author = {Анастасия Олеговна Богатенкова},
  organization={ИСП РАН},
  title = {Dataset},
  url = {https://github.com/NastyBoget/document_structure_extraction/tree/master/docs},
  urldate = {2020-05-27},
  langid = {russian},
  addendum={/ \fullcite{data_en}},
}

@misc{data_en,
  author = {Anastasiya Olegovna Bogatenkova},
  organization={ISP RAS},
  title = {Dataset},
  url = {https://github.com/NastyBoget/document_structure_extraction/tree/master/docs},
  urldate = {2020-05-27},
  langid = {english},
  options = {skipbib=true},
}